<?xml version="1.0" encoding="UTF-8"?>
<Document xmlns="urn:iso:std:iso:20022:tech:xsd:pain.001.001.03" xmlns:xsi="http://www.w3.org/2001/XMLSchema-instance">
    <CstmrCdtTrfInitn>
        <GrpHdr>
            <MsgId>HK1470742659229</MsgId>
            <CreDtTm>2016-08-09T19:37:39</CreDtTm>
            <Authstn>
                <Cd>AUTH</Cd>
            </Authstn>
            <NbOfTxs>2</NbOfTxs>
            <CtrlSum>200.00</CtrlSum>
            <InitgPty>
                <Nm>xxxxxx xxxxxx xxxxxx</Nm>
                <Id>
                    <OrgId>
                        <Othr>
                            <Id>xxxxxxx</Id>
                        </Othr>
                    </OrgId>
                </Id>
            </InitgPty>
        </GrpHdr>
        <PmtInf>
            <PmtInfId>1e5e733e7HK67274</PmtInfId>
            <PmtMtd>TRF</PmtMtd>
            <BtchBookg>false</BtchBookg>
            <NbOfTxs>1</NbOfTxs>
            <CtrlSum>100.00</CtrlSum>
            <PmtTpInf>
                <InstrPrty>NORM</InstrPrty>
                <SvcLvl>
                    <Cd>URGP</Cd>
                </SvcLvl>
            </PmtTpInf>
            <ReqdExctnDt>2016-08-09</ReqdExctnDt>
            <Dbtr>
                <Nm>xxxxxxx xxxxxxxx HOLDINGS LIMITED</Nm>
                <PstlAdr>
                    <StrtNm>xxxxxxx</StrtNm>
                    <BldgNb>xxxxxxxxx</BldgNb>
                    <TwnNm>xxxxxxxxx</TwnNm>
                    <Ctry>HK</Ctry>
                </PstlAdr>
            </Dbtr>
            <DbtrAcct>
                <Id>
                    <Othr>
                        <Id>848494167274</Id>
                    </Othr>
                </Id>
                <Ccy>USD</Ccy>
            </DbtrAcct>
            <DbtrAgt>
                <FinInstnId>
                    <BIC>HSBCHKHHHKH</BIC>
                    <PstlAdr>
                        <Ctry>HK</Ctry>
                    </PstlAdr>
                </FinInstnId>
            </DbtrAgt>
            <CdtTrfTxInf>
                <PmtId>
                    <InstrId>1e5e733e7HK67274</InstrId>
                    <EndToEndId>1e5e733e7HK67274</EndToEndId>
                </PmtId>
                <Amt>
                    <InstdAmt Ccy="USD">100.00</InstdAmt>
                </Amt>
                <ChrgBr>DEBT</ChrgBr>
                <CdtrAgt>
                    <FinInstnId>
                        <BIC>12345678</BIC>
                        <Nm>xxxxx sssssss</Nm>
                        <PstlAdr>
                            <Ctry>US</Ctry>
                        </PstlAdr>
                    </FinInstnId>
                </CdtrAgt>
                <Cdtr>
                    <Nm>ssssssssss, sssss.</Nm>
                    <PstlAdr>
                        <Ctry>xx</Ctry>
                    </PstlAdr>
                </Cdtr>
                <CdtrAcct>
                    <Id>
                        <Othr>
                            <Id>6789109</Id>
                        </Othr>
                    </Id>
                </CdtrAcct>
                <RmtInf>
                    <Ustrd>/INV/pay for xxxx</Ustrd>
                </RmtInf>
            </CdtTrfTxInf>
        </PmtInf>
        <PmtInf>
            <PmtInfId>91be25c58HK67274</PmtInfId>
            <PmtMtd>TRF</PmtMtd>
            <BtchBookg>false</BtchBookg>
            <NbOfTxs>1</NbOfTxs>
            <CtrlSum>100.00</CtrlSum>
            <PmtTpInf>
                <InstrPrty>NORM</InstrPrty>
                <SvcLvl>
                    <Cd>URGP</Cd>
                </SvcLvl>
            </PmtTpInf>
            <ReqdExctnDt>2016-08-09</ReqdExctnDt>
            <Dbtr>
                <Nm>sssssss xxxxxxxx</Nm>
                <PstlAdr>
                    <StrtNm>xxxxx</StrtNm>
                    <BldgNb>xxxx</BldgNb>
                    <TwnNm>xxx</TwnNm>
                    <Ctry>xx</Ctry>
                </PstlAdr>
            </Dbtr>
            <DbtrAcct>
                <Id>
                    <Othr>
                        <Id>123456789</Id>
                    </Othr>
                </Id>
                <Ccy>USD</Ccy>
            </DbtrAcct>
            <DbtrAgt>
                <FinInstnId>
                    <BIC>jdkfsinhdfs</BIC>
                    <PstlAdr>
                        <Ctry>xx</Ctry>
                    </PstlAdr>
                </FinInstnId>
            </DbtrAgt>
            <CdtTrfTxInf>
                <PmtId>
                    <InstrId>91be25c58HK67274</InstrId>
                    <EndToEndId>91be25c58HK67274</EndToEndId>
                </PmtId>
                <Amt>
                    <InstdAmt Ccy="USD">100.00</InstdAmt>
                </Amt>
                <ChrgBr>DEBT</ChrgBr>
                <CdtrAgt>
                    <FinInstnId>
                        <BIC>sxxxxxx</BIC>
                        <Nm>sdfsdfsafsafsa</Nm>
                        <PstlAdr>
                            <Ctry>US</Ctry>
                        </PstlAdr>
                    </FinInstnId>
                </CdtrAgt>
                <Cdtr>
                    <Nm>sdfafadfafsafsafsa</Nm>
                    <PstlAdr>
                        <Ctry>xx</Ctry>
                    </PstlAdr>
                </Cdtr>
                <CdtrAcct>
                    <Id>
                        <Othr>
                            <Id>638940732893</Id>
                        </Othr>
                    </Id>
                </CdtrAcct>
                <RmtInf>
                    <Ustrd>/INV/pay for xxxx</Ustrd>
                </RmtInf>
            </CdtTrfTxInf>
        </PmtInf>
    </CstmrCdtTrfInitn>
</Document>
